\Sort{
  Mode{on}
  Collation{mixed}
  SortTypeOrder{pattern,key,name}
  NameOrder{ascending}
  Key{{author,editor},\year{year,note}}
  KeyOrder{descending,nulls first}
  Pattern{author+editor: "doron"}
  PatternOrder{first}
}

@ARTICLE{Shtutina:1995,
author = {SHTUTINA, S and KLEBANOV, M and LYUBIN, V and ROSENWAKS, S and VOLTERRA, V},
title = {{Photoinduced Phenomena in Spin-Coated Vitreous As2s3 and Asse Films}},
journal = {Thin Solid Films},
year = {1995},
volume = {261},
pages = {263--265}
}

@ARTICLE{Kim:1995fb,
author = {Kim, D Y and Tripathy, S K and Li, Lian and Kumar, J},
title = {{Laser-induced holographic surface relief gratings on nonlinear optical polymer films}},
journal = {Applied Physics Letters},
year = {1995},
volume = {66},
number = {10},
pages = {1166}
}

@ARTICLE{Kenji:2002,
  title = {Holographic Recording and Control of Diffraction Efficiency\\
Using Photoinduced Surface Deformation on Azo-Polymer Films},
  author = {Kenji Harada and Hajime Inoue and Mohamed~A. El-Morsy and Masahide Itoh and Shinsuke Umegaki and Toyohiko Yatagai},
  journal = {Japanese Journal of Applied Physics},
  volume = {41},
  number = {Part 1, No. 3B},
  pages = {1851-1854},
  numpages = {3},
  year = {2002},
  url = {http://jjap.jsap.jp/link?JJAP/41/1851/},
  doi = {10.1143/JJAP.41.1851},
  publisher = {The Japan Society of Applied Physics}
}


@ARTICLE{Jiang:1998bz,
author = {Jiang, X L and Li, L and Kumar, J and Kim, D Y and Tripathy, S K},
title = {{Unusual polarization dependent optical erasure of surface relief gratings on azobenzene polymer films}},
journal = {Applied Physics Letters},
year = {1998},
volume = {72},
number = {20},
pages = {2502--2504}
}

@ARTICLE{Lefin:1999fm,
author = {Lefin, Philippe and Fiorini, C{\'e}line and Nunzi, Jean-Michel},
title = {{Anisotropy of the photo-induced translation diffusion of azobenzene dyes in polymer matrices}},
journal = {Pure and Applied Optics: Journal of the European Optical Society Part A},
year = {1999},
volume = {7},
number = {1},
pages = {71--82},
month = {jan}
}

@ARTICLE{Bian:1999ic,
author = {Bian, Shaoping and Williams, John M and Kim, Dong-Yu and Li, Lian and Balasubramanian, Srinivasan and Kumar, Jayant and Tripathy, Sukant},
title = {{Photoinduced surface deformations on azobenzene polymer films}},
journal = {Journal of Applied Physics},
year = {1999},
volume = {86},
number = {8},
pages = {4498}
}



@ARTICLE{Kumar:1998je,
author = {Kumar, Jayant and Li, Lian and Jiang, Xin Li and Kim, Dong-Yu and Lee, Taek Seung and Tripathy, Sukant},
title = {{Gradient force: The mechanism for surface relief grating formation in azobenzene functionalized polymers}},
journal = {Applied Physics Letters},
year = {1998},
volume = {72},
number = {17},
pages = {2096--2098}
}


@ARTICLE{Barada:2004dq,
author = {Barada, Daisuke and Itoh, Masahide and Yatagai, Toyohiko},
title = {{Computer simulation of photoinduced mass transport on azobenzene polymer films by particle method}},
journal = {Journal of Applied Physics},
year = {2004},
volume = {96},
number = {8},
pages = {4204}
}

@ARTICLE{Viswanathan:1998jx,
author = {Viswanathan, Nirmal K and Balasubramanian, Srinivasan and Li, Lian and Kumar, Jayant and Tripathy, Sukant K},
title = {{Surface-Initiated Mechanism for the Formation of Relief Gratings on Azo-Polymer Films}},
journal = {The Journal of Physical Chemistry B},
year = {1998},
volume = {102},
number = {31},
pages = {6064--6070},
month = {jul}
}
ï»¿
@BOOK{Landau,
  author = {L. D. Landau and E. M. Lifshitz},
  year = 1960,
  title = {Electrodynamics of Continuous Media},
  note = {Pp. 58-69},
  publisher = {Pergamon Press LTD.},
  }

@MISC{recht06,
  author = {Recht, D. L.},
  year = 2006,
  title = {A Phenomenological Model of Photoinduced Surface Relief Formation
          in Arsenic Sulfide},
  note = {{P}rinceton {U}niversity {T}hesis}
}
@UNPUBLISHED{song,
  author = {Song, S. and Howard, S. S. and Liu Z. and Dirisu A. O. and Gmachl
           C. F. and Arnold C. B.},
  year = 2006,
  title = {Mode Tuning of Quantum Cascade Lasers Through Optical Processing of
          Chalcogenide Glass Claddings},
  note = {In review}
}
@ARTICLE{allen,
  author = {{Allen}, P.~J. and {Johnson}, B.~R. and {Riley}, B.~J.},
  month = aug,
  year = 2005,
  title = {Photo-Oxidation of Thermally Evaporated $\mathrm{As}_
          {2}\mathrm{S}_{3}$ Thin Films},
  journal = {Journal of Optoelectronics and Advanced Materials},
  volume = 7,
  number = 4,
  pages = {1759-1764}
}
@ARTICLE{asatryan05,
  author = {{Asatryan}, K.~E. and {Galstian}, T. and {Vall{\'e}e}, R.},
  month = mar,
  year = 2005,
  title = {Optical Polarization Driven Giant Relief Modulation in Amorphous
          Chalcogenide Glasses},
  journal = {Physical Review Letters},
  volume = 94,
  number = 8,
  pages = {087401-+},
  adsurl = {
           http://adsabs.harvard.edu/cgi-bin/nph-bib_query?bibcode=2005PhRvL..94h7401A&db_key=PHY},
  adsnote = {Provided by the Smithsonian/NASA Astrophysics Data System},
  doi = {10.1103/PhysRevLett.94.087401}
}
@ARTICLE{hallanger,
  author = {{Hallanger}, A. and {Brevik}, I. and {Haaland}, S. and {Sollie},
           R.},
  month = may,
  year = 2005,
  title = {Nonlinear Deformations of Liquid-Liquid Interfaces Induced by
          Electromagnetic Radiation Pressure},
  journal = {Physical Review E},
  volume = 71,
  number = 5,
  pages = {056601-+},
  adsurl = {
           http://adsabs.harvard.edu/cgi-bin/nph-bib_query?bibcode=2005PhRvE..71e6601H&db_key=PHY},
  adsnote = {Provided by the Smithsonian/NASA Astrophysics Data System},
  doi = {10.1103/PhysRevE.71.056601}
}
@ARTICLE{hegedus,
  author = {Hegedus, J. and Kohary, K. and Kugler, S.},
  month = {October},
  year = 2005,
  title = {Light-Induced Volume Changes in Glassy Selenium {II}. Kinetics of
          Volume Expansion.},
  journal = {Jounral of Optoelectronics and Advanced Materials},
  volume = 7,
  number = 5,
  pages = {2231-2233}
}
@ARTICLE{mednikarov,
  author = {Mednikarov, B. and Sahatchieva, M.},
  year = 2005,
  title = {Photolithographic Structuring with Evaporated Inorganic Photoresist},
  journal = {Journal Of Optoelectronics And Advanced Materials},
  volume = 7,
  number = 3,
  pages = {1415-1419}
}
@ARTICLE{ogusu,
  author = {{Ogusu}, K. and {Hosokawa}, Y. and {Maeda}, S. and {Minakata}, M.
           and {Li}, H.},
  year = 2005,
  title = {Photo-Oxidation of $\mathrm{As}_ {2}\mathrm{Se}_{3}$,
          $\mathrm{Ag-As}_ {2}\mathrm{Se}_{3}$, and $\mathrm{Cu-As}_
          {2}\mathrm{S}_{3}$ Chalcogenide Films},
  journal = {Journal of Non-Crystalline Solids},
  volume = 351,
  pages = {3132-3138}
}
@CONFERENCE{recht05,
  author = {Recht, D.L. and Liu, Z. and Rahman, K. R. and Gmachl, C. F. and
           Arnold, C.B.},
  editor = {Jim Fieret and Peter R. Herman and Tatsuo Okada and Craig B.
           Arnold and Friedrich G. Bachmann and Willem Hoving and Kunihiko
           Washio and Yongfeng Lu and David B. Geohegan and Frank Trager and
           Jan J. Dubowski},
  year = 2005,
  title = {Quantum Cascade Lasers Tuned by Amorphous
          $\mathrm{As}_2\mathrm{S}_3$ Claddings},
  journal = {Photon Processing in Microelectronics and Photonics IV},
  volume = 5713,
  number = 1,
  pages = {293-300},
  publisher = {SPIE},
  collaboration = {},
  location = {San Jose, CA, USA},
  url = {http://link.aip.org/link/?PSI/5713/293/1}
}
@ARTICLE{savastru,
  author = {{Savastru}, D. and {Miclos}, S. and {Savastru}, R.},
  month = aug,
  year = 2005,
  title = {Focusing System Based on Chalcogenide Microlenses Attached to
          Optical Fibers},
  journal = {Journal of Optoelectronics and Advanced Materials},
  volume = 7,
  number = 4,
  pages = {1909-1913}
}
@ARTICLE{simdyankin05,
  author = {S. I. Simdyankin and M. Elstner and T. A. Niehaus and Th.
           Frauenheim and S. R. Elliott},
  year = 2005,
  title = {Influence of Copper on the Electronic Properties of Amorphous
          Chalcogenides},
  journal = {Physical Review B},
  volume = 72,
  pages = 020202,
  url = {doi:10.1103/PhysRevB.72.020202}
}
@ARTICLE{tanaka,
  author = {Tanaka, K.},
  month = {October},
  year = 2005,
  title = {Photoinduced Deformations in Chalcogenide Glasses: Scalar and
          Vectoral},
  journal = {Journal of Optoelectronics and Advanced Materials},
  volume = 7,
  number = 6,
  pages = {2571-2580}
}
@ARTICLE{trunov05,
  author = {{Trunov}, M.~L.},
  month = jun,
  year = 2005,
  title = {Light-Induced Plasticity in Chalcogenide Glasses: Evolution of
          Plastic Properties Under Irradiation},
  journal = {Journal of Optoelectronics and Advanced Materials},
  volume = 7,
  number = 3,
  pages = {1223-1229}
}
@ARTICLE{ivan,
  author = {I. Ivan, M. Veres I. P{\~A}³csik S. Kokenyesi},
  year = 2004,
  title = {Structural and Optical Changes in $\mathrm{As}_ {2}\mathrm{S}_{3}$
          Thin Films Induced by Light Ion Irradiation},
  journal = {Physica Status Solidi (a)},
  volume = 201,
  number = 14,
  pages = {3193-3199}
}
@ARTICLE{kim,
  author = {Kim, S. W. and Yu, H. and Kang, C. H. and Lee, S. H. and Kim, J.
           C.},
  year = 2004,
  title = {Thermal Conductivity of Chalcogenide $\mathrm{As}_
          {2}\mathrm{S}_{3}$ Thin Films},
  journal = {International Journal of Thermophysics},
  volume = 25,
  number = 5,
  pages = 1505
}
@ARTICLE{petkov04,
  author = {{Petkov}, K. and {Todorov}, R. and {Kozhuharova}, D. and {Tichy},
           L. and {Cernoskova}, E. and {Ewen}, P.~J.~S},
  year = 2004,
  title = {Changes in the Physicochemical and Optical Properties of
          Chalcogenide Thin Films from the Systems {As-S} and {As-S-Ti}},
  journal = {Journal of Materials Science},
  volume = 39,
  pages = {961-968}
}
@ARTICLE{simdyankin04,
  author = {{Simdyankin}, S.~I. and {Elliott}, S.~R. and {Hajnal}, Z. and
           {Niehaus}, T.~A. and {Frauenheim}, T.},
  month = apr,
  year = 2004,
  title = {Simulation of Physical Properties of the Chalcogenide Glass
          $\mathrm{As}_ {2}\mathrm{S}_{3}$ Using a Density-Functional-Based
          Tight-Binding Method},
  journal = {Physical Review B},
  volume = 69,
  number = 14,
  pages = {144202-+},
  adsurl = {
           http://adsabs.harvard.edu/cgi-bin/nph-bib_query?bibcode=2004PhRvB..69n4202S&db_key=PHY},
  adsnote = {Provided by the Smithsonian/NASA Astrophysics Data System},
  doi = {10.1103/PhysRevB.69.144202}
}
@ARTICLE{stuchlik,
  author = {M. Stuchlik and P. Krecmer and S.R. Elliott},
  year = 2004,
  title = {Micro-Nano Actuators Driven by Polarised Light},
  journal = {IEEE Proceedings - Science, Measurement and Technology},
  volume = 151,
  number = 2,
  pages = {131-136},
  publisher = {IEE},
  keywords = {micronanoactuators driven; polarised light; optical actuation;
             clamped silicon cantilevers; chalcogenide glasses; electric
             vector; photon energy; bandgap energy; semiconducting amorphous
             chalcogenide layer; microoptomechanical system devices; light
             polarisation direction; AsSSe; Si},
  collaboration = {},
  url = {http://link.aip.org/link/?ISM/151/131/1}
}
@INPROCEEDINGS{sundaram,
  author = {{Sundaram}, S.~K. and {Johnson}, B.~R. and {Schweiger}, M.~J. and
           {Martinez}, J.~E. and {Riley}, B.~J. and {Saraf}, L.~V. and
           {Anheier}, N.~C. and {Allen}, P.~J. and {Schultz}, J.~F.},
  editor = {{Razeghi}, M. and {Brown}, G.~J.},
  month = jul,
  year = 2004,
  title = {Chalcogenide Glasses and Structures for Quantum Sensing},
  booktitle = {Organic Photonic Materials and Devices VI. Edited by Grote,
              James G.; Kaino, Toshikuni. Proceedings of the SPIE, Volume
              5359, pp. 234-245 (2004).},
  pages = {234-245},
  adsurl = {
           http://adsabs.harvard.edu/cgi-bin/nph-bib_query?bibcode=2004SPIE.5359..234S&db_key=PHY},
  adsnote = {Provided by the Smithsonian/NASA Astrophysics Data System},
  doi = {10.1117/12.517235}
}
@ARTICLE{suo,
  author = {{Suo}, Z.},
  month = sep,
  year = 2004,
  title = {A Continuum Theory That Couples Creep and Self-Diffusion},
  journal = {Journal of Applied Mechanics},
  volume = 71,
  pages = {646-651}
}
@ARTICLE{vallee,
  author = {{Vall{\'e}e}, R. and {Fr{\'e}d{\'e}rick}, S. and {Asatryan}, K.
           and {Fischer}, M. and {Galstian}, T.},
  month = feb,
  year = 2004,
  title = {Real-Time Observation of Bragg Grating Formation in $\mathrm{As}_
          {2}\mathrm{S}_{3}$ Chalcogenide Ridge Waveguides},
  journal = {Optics Communications},
  volume = 230,
  pages = {301-307},
  adsurl = {
           http://adsabs.harvard.edu/cgi-bin/nph-bib_query?bibcode=2004OptCo.230..301V&db_key=PHY},
  adsnote = {Provided by the Smithsonian/NASA Astrophysics Data System}
}
@ARTICLE{zoubir,
  author = {{Zoubir}, A. and {Richardson}, M. and {Rivero}, C. and {Schulte},
           A. and {Lopez}, C. and {Richardson}, K.},
  month = apr,
  year = 2004,
  title = {Direct Femtosecond Laser Writing of Waveguides in $\mathrm{As}_
          {2}\mathrm{S}_{3}$},
  journal = {Optics Letters},
  volume = 29,
  number = 7,
  pages = {748-750}
}
@ARTICLE{asatryan03,
  author = {K. E. Asatryan and B. Paquet and T. V. Galstian and R. Vallee},
  year = 2003,
  title = {Phenomenological Model of Anisotropic Microstructures in
          a-$\mathrm{As}_2\mathrm{S}_3$ Chalcogenide Glass},
  journal = {Physical Review B},
  volume = 67,
  number = 1,
  pages = 014208,
  publisher = {APS},
  keywords = {arsenic compounds; chalcogenide glasses; semiconductor thin
             films; dichroism; crystal microstructure; polarisability},
  url = {http://link.aps.org/abstract/PRB/v67/e014208},
  collaboration = {},
  eid = 014208,
  numpages = 6
}
@ARTICLE{blinov,
  author = {{Blinov}, L.~N},
  year = 2003,
  title = {{EPR} Spectroscopy of Chalcogenide Glasses},
  journal = {Glass Physics and Chemistry},
  volume = 29,
  number = 3,
  pages = {203-223}
}
@ARTICLE{casner,
  author = {{Casner}, A. and {Delville}, J.-P.},
  month = apr,
  year = 2003,
  title = {Laser-Induced Hydrodynamic Instability of Fluid Interfaces},
  journal = {Physical Review Letters},
  volume = 90,
  number = 14,
  pages = {144503-+},
  adsurl = {
           http://adsabs.harvard.edu/cgi-bin/nph-bib_query?bibcode=2003PhRvL..90n4503C&db_key=PHY},
  adsnote = {Provided by the Smithsonian/NASA Astrophysics Data System},
  doi = {10.1103/PhysRevLett.90.144503}
}
@ARTICLE{jain,
  author = {{Jain}, H.},
  month = mar,
  year = 2003,
  title = {Comparison of Photoinduced Atom Displacements in Glasses and
          Polymers},
  journal = {Journal of Optoelectronics and Advanced Materials},
  volume = 5,
  number = 1,
  pages = {5-22}
}
@ARTICLE{teteris,
  author = {Teteris, J.},
  year = 2003,
  title = {Holographic Recording in Amorphous Chalcogenide Thin Films},
  journal = {Current Opinion In Solid State And Materials Science},
  volume = 7,
  number = 2,
  pages = {127-134}
}
@ARTICLE{trunov03,
  author = {Trunov, M. L. and Bilanich, V. S.},
  year = 2003,
  title = {Photoplastic Phenomena in Chalcogenide Glasses},
  journal = {Journal of Optoelectronics and Advanced Materials},
  volume = 5,
  number = 5,
  pages = {1085-1091}
}
@ARTICLE{cai,
  author = {Cai, L. Z. and Yang, X. L.},
  year = 2002,
  title = {Interference of Circularly Polarized Light: Contrast and
          Application in Fabrication of Three-Dimensional Periodic
          Microstructures},
  journal = {Optics and Laser Technology},
  volume = 34,
  number = 8,
  pages = 671,
  keywords = {Interference Polarization Fringe contrast Photonic crystals
             Microstructure fabrication}
}
@ARTICLE{churbanov,
  author = {Churbanov, M. F. and Shiryaev, V. S. and Gerasimenko, V. V. and
           Pushkin, A. A. and Skripachev, I. V. and Snopatin, G. E. and
           Plotnichenko, V. G.},
  year = 2002,
  title = {Stability of the Optical and Mechanical Properties of Chalcogenide
          Fibers},
  journal = {Inorganic Materials},
  volume = 38,
  number = 10,
  pages = 1063
}
@ARTICLE{ganeev,
  author = {R. A. Ganeev and A. I. Ryasnyansky and M. K. Kodirov and T.
           Usmanov},
  year = 2002,
  title = {Two-Photon Absorption and Nonlinear Refraction of Amorphous
          Chalcogenide Films},
  journal = {Journal of Optics A: Pure and Applied Optics},
  volume = 4,
  number = 4,
  pages = {446-451},
  url = {http://stacks.iop.org/1464-4258/4/446}
}
@ARTICLE{ganjoo,
  author = {Ganjoo, A. and Shimakawa, K. and Kitano, K. and Davis, E. A.},
  year = 2002,
  title = {Transient Photodarkening in Amorphous Chalcogenides},
  journal = {Journal of Non-Crystalline Solids},
  number = {299-302},
  pages = {917-923}
}
@ARTICLE{geue,
  author = {{Geue}, T.~M. and {Saphiannikova}, M.~G. and {Henneberg}, O. and
           {Pietsch}, U. and {Rochon}, P.~L. and {Natansohn}, A.~L.},
  month = may,
  year = 2002,
  title = {Formation Mechanism and Dynamics in Polymer Surface Gratings},
  journal = {Physical Review E},
  volume = 65,
  number = 5,
  pages = {052801-+},
  adsurl = {
           http://adsabs.harvard.edu/cgi-bin/nph-bib_query?bibcode=2002PhRvE..65e2801G&db_key=PHY},
  adsnote = {Provided by the Smithsonian/NASA Astrophysics Data System},
  doi = {10.1103/PhysRevE.65.052801}
}
@ARTICLE{hayashi,
  author = {Hayashi, K. and Mitsuishi, N.},
  year = 2002,
  title = {Thickness Effect of the Photodarkening in Amorphous Chalcogenide
          Films},
  journal = {Journal of Non-Crystalline Solids},
  number = {299-302},
  pages = {949-952}
}
@ARTICLE{ho,
  author = {{Ho{\caret}}, N. and {Laniel}, J.~M. and {Vall{\'e}e}, R. and
           {Villeneuve}, A.},
  month = apr,
  year = 2002,
  title = {Creation of Microchannels in a Photosensitive $\mathrm{As}_
          {2}\mathrm{S}_{3}$ Slab Waveguide},
  journal = {Optical Society of America Journal B Optical Physics},
  volume = 19,
  pages = {875-880},
  adsurl = {
           http://adsabs.harvard.edu/cgi-bin/nph-bib_query?bibcode=2002OSAJB..19..875H&db_key=PHY},
  adsnote = {Provided by the Smithsonian/NASA Astrophysics Data System}
}
@ARTICLE{kastrissios02,
  author = {{Kastrissios}, D.~T. and {Papatheodorou}, G.~N. and {Yannopoulos},
           S.~N.},
  month = apr,
  year = 2002,
  title = {Anomalous Temperature Dependence of Photoinduced Fluidity in
          Chalcogenide Glasses},
  journal = {Physical Review B},
  volume = 65,
  number = 16,
  pages = {165211-+},
  adsurl = {
           http://adsabs.harvard.edu/cgi-bin/nph-bib_query?bibcode=2002PhRvB..65p5211K&db_key=PHY},
  adsnote = {Provided by the Smithsonian/NASA Astrophysics Data System},
  doi = {10.1103/PhysRevB.65.165211}
}
@BOOK{kharab,
  author = {Kharab, A. and Guenther, R. B.},
  year = 2002,
  title = {An Introduction to Numerical Methods a {MATLAB} Approach},
  note = {Pp. 247-272},
  publisher = {Chapman and Hall/CRC},
  address = {Boca Raton, Fl}
}
@ARTICLE{lopez,
  author = {Lopez, C. and Richardson, K. A. and de Castro, M. and Seal, S. and
           Verma, D. K. and Shulte, A. and Riverso, C. and Vileneuve, A. and
           Gastian, T. V. and Turcotte, K. and Saliminia, A. and Laniel, J.},
  year = 2002,
  title = {Processing and Characterization of Bulk Chalcogenide Glasses Used
          for Waveguide Applications},
  journal = {Journal of the American Ceramic Society},
  volume = 85,
  number = 6,
  pages = {1372-1376}
}
@ARTICLE{okada,
  author = {Yoshiko Okada-Shudo and Jean-Michel Jonathan and Gerald Roosen},
  year = 2002,
  title = {Polarization Holography with Photoinduced Anisotropy in
          Bacteriorhodopsin},
  journal = {Optical Engineering},
  volume = 41,
  number = 11,
  pages = {2803-2808},
  publisher = {SPIE},
  keywords = {proteins; holographic gratings; light polarisation; Fraunhofer
             diffraction; multiwave mixing},
  collaboration = {},
  url = {http://link.aip.org/link/?JOE/41/2803/1}
}
@ARTICLE{petkov02,
  author = {{Petkov}, K.},
  month = sep,
  year = 2002,
  title = {Compositional Dependence of the Photoinduced Phenomena in Thin
          Chalcogenide Films},
  journal = {Journal of Optoelectronics and Advanced Materials},
  volume = 4,
  number = 3,
  pages = {622-629}
}
@ARTICLE{popov,
  author = {{Popov}, A.},
  month = sep,
  year = 2002,
  title = {Structural Characteristics and Structural Modifications of
          Non-Crystalline Semiconductors},
  journal = {Journal of Optoelectronics and Advanced Materials},
  volume = 4,
  number = 3,
  pages = {481-488}
}
@ARTICLE{popta,
  author = {{van Popta}, A.~C. and {Decorby}, R.~G. and {Haugen}, C.~J. and
           {Robinson}, T. and {McMullin}, J.~N. and {Tonchev}, D. and {Kasap},
           S.~O.},
  month = jul,
  year = 2002,
  title = {Photoinduced Refractive Index Change in
          $\mathrm{As}_2\mathrm{Se}_3$ by 633nm Illumination},
  journal = {Optics Express},
  volume = 10,
  pages = {639-+},
  adsurl = {
           http://adsabs.harvard.edu/cgi-bin/nph-bib_query?bibcode=2002OExpr..10..639V&db_key=PHY},
  adsnote = {Provided by the Smithsonian/NASA Astrophysics Data System}
}
@ARTICLE{rode,
  author = {Rode, A. V. and Zakery, A. and Samoc, M. and Charters, R. B. and
           Gamaly, E. G. and Luther-Davies, B.},
  year = 2002,
  title = {Laser-Deposited $\mathrm{As}_ {2}\mathrm{S}_{3}$ Chalcogenide Films
          for Waveguide Applications},
  journal = {Applied Surface Science},
  number = {197-198},
  pages = {481-485}
}
@ARTICLE{sumaru,
  author = {{Sumaru}, K. and {Fukuda}, T. and {Kimura}, T. and {Matsuda}, H.
           and {Yamanaka}, T.},
  month = mar,
  year = 2002,
  title = {Photoinduced Surface Relief Formation on Azopolymer Films: A
          Driving Force and Formed Relief Profile},
  journal = {Journal of Applied Physics},
  volume = 91,
  pages = {3421-3430},
  adsurl = {
           http://adsabs.harvard.edu/cgi-bin/nph-bib_query?bibcode=2002JAP....91.3421S&db_key=PHY},
  adsnote = {Provided by the Smithsonian/NASA Astrophysics Data System}
}
@ARTICLE{zakery,
  author = {{Zakery}, A.},
  month = nov,
  year = 2002,
  title = {Low Loss Waveguides in Pulsed Laser Deposited Arsenic Sulfide
          Chalcogenide Films},
  journal = {Journal of Physics D: Applied Physics},
  volume = 35,
  pages = {2909-2913}
}
@BOOK{zeytounian,
  author = {Zeytounian, R. Kh.},
  year = 2002,
  title = {Asymptotic Modelling of Fluid Flow Phenomena},
  chapter = {9.4},
  pages = {354-360},
  note = {Pp. 354-360},
  publisher = {Kluwer Academic Publishers},
  address = {New York}
}
@ARTICLE{bublitz01,
  author = {{Bublitz}, D. and {Fleck}, B. and {Wenke}, L.},
  year = 2001,
  title = {A Model for Surface-Relief Formation in Azobenzene Polymers},
  journal = {Applied Physics B: Lasers and Optics},
  volume = 72,
  pages = {931-936},
  adsurl = {
           http://adsabs.harvard.edu/cgi-bin/nph-bib_query?bibcode=2001ApPhB..72..931B&db_key=PHY},
  adsnote = {Provided by the Smithsonian/NASA Astrophysics Data System}
}
@ARTICLE{iovu,
  author = {{Iovu}, M.~S. and {Shutov}, S.~D. and {Andriesh}, A.~M. and
           {Kamitsos}, E.~I. and {Varsamis}, C.~P.~E and {Furniss}, D. and
           {Seddon}, A.~B. and {Popescu}, M.},
  month = jun,
  year = 2001,
  title = {Spectroscopic Studies of Bulk $\mathrm{As}_ {2}\mathrm{S}_{3}$
          Glasses and Amoprhous Films Doped with {Dy}, {Sm}, and, {Mn}},
  journal = {Journal of Optoelectronics and Advanced Materials},
  volume = 3,
  number = 2,
  pages = {443-454}
}
@ARTICLE{Kastrissios01,
  author = {{Kastrissios}, D.~T. and {Papatheodorou}, G.~N. and {Yannopoulos},
           S.~N.},
  month = dec,
  year = 2001,
  title = {Vibrational Modes in the Athermally Photoinduced Fluidity Regime
          of Glassy $\mathrm{As}_ {2}\mathrm{S}_{3}$},
  journal = {Physical Review B},
  volume = 64,
  number = 21,
  pages = {214203-+},
  adsurl = {
           http://adsabs.harvard.edu/cgi-bin/nph-bib_query?bibcode=2001PhRvB..64u4203K&db_key=PHY},
  adsnote = {Provided by the Smithsonian/NASA Astrophysics Data System},
  doi = {10.1103/PhysRevB.64.214203}
}
@ARTICLE{marquez,
  author = {Marquez, E. and Gonzalez-Leal, J.M. and Jimenez-Garay, R. and
           Vlcek, M.},
  year = 2001,
  title = {Thermally- and Photo-Induced Changes in the Structure and Optical
          Properties of Amorphous $\mathrm{As}_
          {40}\mathrm{S}_{30}\mathrm{Se}_{30}$ Films},
  journal = {Thin Solid Films},
  number = 396,
  pages = {183-190}
}
@ARTICLE{nordman,
  author = {{Nordman}, O. and {Nordman}, N. and {Pashkevich}, V.},
  month = aug,
  year = 2001,
  title = {Refractive-Index Change Caused by Electrons in Amorphous AsS and
          AsSe Thin Films Doped with Different Metals by Photodiffusion},
  journal = {Optical Society of America Journal B Optical Physics},
  volume = 18,
  number = 8,
  pages = {1206-1211}
}
@ARTICLE{schwarz-selinger,
  author = {{Schwarz-Selinger}, T. and {Cahill}, D.~G. and {Chen}, S.-C. and
           {Moon}, S.-J. and {Grigoropoulos}, C.~P.},
  month = oct,
  year = 2001,
  title = {Micron-Scale Modifications of Si Surface Morphology by
          Pulsed-Laser Texturing},
  journal = {Physical Review B},
  volume = 64,
  number = 15,
  pages = {155323-+},
  adsurl = {
           http://adsabs.harvard.edu/cgi-bin/nph-bib_query?bibcode=2001PhRvB..64o5323S&db_key=PHY},
  adsnote = {Provided by the Smithsonian/NASA Astrophysics Data System},
  doi = {10.1103/PhysRevB.64.155323}
}
@BOOK{boyd,
  author = {Boyd, J. P.},
  year = 2000,
  title = {Chebyshev and Fourier Spectral Methods},
  edition = {Second Edition},
  publisher = {Dover},
  address = {Mineola, New York}
}
@ARTICLE{Bublitz00,
  author = {{Bublitz}, D. and {Helgert}, M. and {Fleck}, B. and {Wenke}, L.
           and {Hvilsted}, S. and {Ramanujam}, P.~S.},
  year = 2000,
  title = {Photoinduced Deformation of Azobenzene Polyester Films},
  journal = {Applied Physics B: Lasers and Optics},
  volume = 70,
  pages = {863-865},
  adsurl = {
           http://adsabs.harvard.edu/cgi-bin/nph-bib_query?bibcode=2000ApPhB..70..863B&db_key=PHY},
  adsnote = {Provided by the Smithsonian/NASA Astrophysics Data System}
}
@ARTICLE{li,
  author = {{Li}, J. and {Drabold}, D.~A.},
  month = sep,
  year = 2000,
  title = {Direct Calculation of Light-Induced Structural Change and
          Diffusive Motion in Glassy $\mathrm{As}_ {2}\mathrm{Se}_{3}$},
  journal = {Physical Review Letters},
  volume = 85,
  pages = {2785-2788},
  adsurl = {
           http://adsabs.harvard.edu/cgi-bin/nph-bib_query?bibcode=2000PhRvL..85.2785L&db_key=PHY},
  adsnote = {Provided by the Smithsonian/NASA Astrophysics Data System},
  doi = {10.1103/PhysRevLett.85.2785}
}
@ARTICLE{matsuishi,
  author = {Matsuishi, K. and Arima, R. and Kagota, K. and Onari, S.},
  year = 2000,
  title = {Anisotropic Structural Change Induced by Sub-Bandgap Lights in As-S
          Glasses Studied by Low-Frequency Raman Scattering},
  journal = {Journal Of Non-Crystalline Solids},
  volume = 266,
  pages = {938-943},
  note = {Part B}
}
@ARTICLE{saliminia,
  author = {{Saliminia}, A. and {Galstian}, T.~V. and {Villeneuve}, A.},
  month = nov,
  year = 2000,
  title = {Optical Field-Induced Mass Transport in $\mathrm{As}_
          {2}\mathrm{S}_{3}$ Chalcogenide Glasses},
  journal = {Physical Review Letters},
  volume = 85,
  pages = {4112-4115},
  adsurl = {
           http://adsabs.harvard.edu/cgi-bin/nph-bib_query?bibcode=2000PhRvL..85.4112S&db_key=PHY},
  adsnote = {Provided by the Smithsonian/NASA Astrophysics Data System},
  doi = {10.1103/PhysRevLett.85.4112}
}
@ARTICLE{weideman,
  author = {J. A. Weideman and S. C. Reddy},
  year = 2000,
  title = {A {MATLAB} Differentiation Matrix Suite},
  journal = {ACM Trans. Math. Softw.},
  volume = 26,
  number = 4,
  pages = {465--519},
  publisher = {ACM Press},
  address = {New York, NY, USA},
  doi = {http://doi.acm.org/10.1145/365723.365727},
  issn = {0098-3500}
}
@ARTICLE{petkov99,
  author = {Petkov, K. and Ewen, P.J.S.},
  year = 1999,
  title = {Photoinduced Changes in the Linear and Non-Linear Optical
          Properties of Chalcogenide Glasses},
  journal = {Journal of Non-Crystalline Solids},
  number = 249,
  pages = {150-159}
}
@ARTICLE{barrett,
  author = {{Barrett}, C.~J. and {Rochon}, P.~L. and {Natansohn}, A.~L.},
  month = jul,
  year = 1998,
  title = {Model of Laser-Driven Mass Transport in Thin Films of
          Dye-Functionalized Polymers},
  journal = {Journal of Chemical Physics},
  volume = 109,
  pages = {1505-1516},
  adsurl = {
           http://adsabs.harvard.edu/cgi-bin/nph-bib_query?bibcode=1998JChPh.109.1505B&db_key=PHY},
  adsnote = {Provided by the Smithsonian/NASA Astrophysics Data System}
}
@PHDTHESIS{erlebacher,
  author = {Erlebacher, J. D.},
  year = 1998,
  title = {Kinetics of Formation and Decay of Nanometer-Scale Structures on
          Si(001)},
  school = {Harvard University Department of Applied Physics}
}
@ARTICLE{kumar,
  author = {{Kumar}, J. and {Li}, L. and {Jiang}, X.~L. and {Kim}, D.-Y. and
           {Lee}, T.~S. and {Tripathy}, S.},
  month = apr,
  year = 1998,
  title = {Gradient Force: The Mechanism for Surface Relief Grating Formation
          in Azobenzene Functionalized Polymers},
  journal = {Applied Physics Letters},
  volume = 72,
  pages = {2096-2098},
  adsurl = {
           http://adsabs.harvard.edu/cgi-bin/nph-bib_query?bibcode=1998ApPhL..72.2096K&db_key=PHY},
  adsnote = {Provided by the Smithsonian/NASA Astrophysics Data System}
}
@ARTICLE{mossadegh,
  author = {Mossadegh, R. and Sanghera, J. S. and Schaafsma, D. and Cole, B.
           J. and Nguyen, V. Q. and Miklos, P. E. and Aggarwal, I. D.},
  year = 1998,
  title = {Fabrication of Single-Mode Chalcogenide Optical Fiber},
  journal = {Journal Of Lightwave Technology},
  volume = 16,
  number = 2,
  pages = {214-217}
}
@ARTICLE{myers,
  author = {Myers, T.G.},
  month = {September},
  year = 1998,
  title = {Thin Films with High Surface Tension},
  journal = {Society for Industrial and Applied Mathematics Review},
  volume = 40,
  number = 3,
  pages = {441-462}
}
@ARTICLE{tanaka98,
  author = {Tanaka, K. and Ishida, K.},
  year = 1998,
  title = {Photoinduced Anisotropic Structure in Chalcogenide Glasses},
  journal = {Journal Of Non-Crystalline Solids},
  volume = 230,
  pages = {673-676},
  note = {Part B}
}
@ARTICLE{galstyan,
  author = {Galstyan, T. V. and Viens, J. F. and Villeneuve, A. and
           Richardson, K. and Duguay, M. A.},
  year = 1997,
  title = {Photoinduced Self-Developing Relief Gratings in Thin Film
          Chalcogenide $\mathrm{As}_ {2}\mathrm{S}_{3}$ Glasses},
  journal = {Journal of Lightwave Technology},
  volume = 15,
  number = 8,
  pages = 1343,
  note = {0733-8724}
}
@ARTICLE{Lauzeral,
  author = {{Lauzeral}, J. and {Walgraef}, D. and {Ghoniem}, N.~M.},
  month = oct,
  year = 1997,
  title = {Rose Deformation Patterns in Thin Films Irradiated by Focused
          Laser Beams},
  journal = {Physical Review Letters},
  volume = 79,
  pages = {2706-2709},
  adsurl = {
           http://adsabs.harvard.edu/cgi-bin/nph-bib_query?bibcode=1997PhRvL..79.2706L&db_key=PHY},
  adsnote = {Provided by the Smithsonian/NASA Astrophysics Data System},
  doi = {10.1103/PhysRevLett.79.2706}
}
@ARTICLE{lyubin97,
  author = {V. Lyubin and M. Klebanov and I. Bar and S. Rosenwaks and N. P.
           Eisenberg and M. Manevich},
  year = 1997,
  title = {Novel Effects in Inorganic $\mathrm{As}_ {50}\mathrm{Se}_{50}$
          Photoresists and their Application in Micro-Optics},
  journal = {Journal of Vacuum Science And Technology B: Microelectronics and
            Nanometer Structures},
  volume = 15,
  number = 4,
  pages = {823-827},
  publisher = {AVS},
  keywords = {arsenic compounds; photoresists; refractive index; transparency;
             optical fabrication; lenses},
  collaboration = {},
  url = {http://link.aip.org/link/?JVB/15/823/1}
}
@ARTICLE{himmelbauer,
  author = {{Himmelbauer}, M. and {Arenholz}, E. and {B{\"a}uerle}, D. and
           {Schilcher}, K.},
  year = 1996,
  title = {UV-Laser-Induced Surface Topology Changes in Polyimide},
  journal = {Applied Physics A: Materials Science \& Processing},
  volume = 63,
  pages = {337-339},
  adsurl = {
           http://adsabs.harvard.edu/cgi-bin/nph-bib_query?bibcode=1996ApPhA..63..337H&db_key=PHY},
  adsnote = {Provided by the Smithsonian/NASA Astrophysics Data System}
}
@ARTICLE{mamedov,
  author = {Mamedov, S. and Kisliuk, A.},
  year = 1996,
  title = {Calculation of Etching Profile in the Photolithographic Process on
          $\mathrm{As}_ {2}\mathrm{S}_{3}$ Thin Films},
  journal = {Journal Of Vacuum Science And Technology B: Microelectronics and
            Nanometer Structures},
  volume = 14,
  number = 3,
  pages = {1864-1866}
}
@ARTICLE{sanghera,
  author = {Sanghera, J. S. and Nguyen, V. Q. and Pureza, P. C. and Miklos, R.
           E. and Kung, F. H. and Aggarwal, I. D.},
  year = 1996,
  title = {Fabrication of Long Lengths of Low-Loss {IR} Transmitting
          $\mathrm{As}_ {40}\mathrm{S}_{60-x}\mathrm{Se}_{x}$ Glass Fibers},
  journal = {Journal Of Lightwave Technology},
  volume = 14,
  number = 5,
  pages = {743-748}
}
@ARTICLE{tanaka96,
  author = {{Tanaka}, K. and {Ishida}, K. and {Yoshida}, N.},
  month = oct,
  year = 1996,
  title = {Mechanism of Photoinduced Anisotropy in Chalcogenide Glasses},
  journal = {Physical Review B},
  volume = 54,
  pages = {9190-9195},
  adsurl = {
           http://adsabs.harvard.edu/cgi-bin/nph-bib_query?bibcode=1996PhRvB..54.9190T&db_key=PHY},
  adsnote = {Provided by the Smithsonian/NASA Astrophysics Data System},
  doi = {10.1103/PhysRevB.54.9190}
}
@ARTICLE{fritzsche,
  author = {{Fritzsche}, H.},
  month = dec,
  year = 1995,
  title = {Optical Anisotropies in Chalcogenide Glasses Induced by Band-Gap
          Light},
  journal = {Physical Review B},
  volume = 52,
  pages = {15854-15861},
  adsurl = {
           http://adsabs.harvard.edu/cgi-bin/nph-bib_query?bibcode=1995PhRvB..5215854F&db_key=PHY},
  adsnote = {Provided by the Smithsonian/NASA Astrophysics Data System},
  doi = {10.1103/PhysRevB.52.15854}
}
@ARTICLE{hisakuni95,
  author = {{Hisakuni}, H. and {Tanaka}, K.},
  month = nov,
  year = 1995,
  title = {Optical Microfabrication of Chalcogenide Glasses},
  journal = {Science},
  volume = 270,
  pages = {974-975},
  adsurl = {
           http://adsabs.harvard.edu/cgi-bin/nph-bib_query?bibcode=1995Sci...270..974H&db_key=GEN},
  adsnote = {Provided by the Smithsonian/NASA Astrophysics Data System}
}
@ARTICLE{rochon,
  author = {Rochon, P. and Batalla, E. and Natansohn, A.},
  year = 1995,
  title = {Optically Induced Surface Gratings On Azoaromatic Polymer-Films},
  journal = {Applied Physics Letters},
  volume = 66,
  number = 2,
  pages = {136-138}
}
@ARTICLE{seddon,
  author = {Seddon, A. B.},
  year = 1995,
  title = {Chalcogenide Glasses: A Review of Their Preparation, Properties,
          and Applications},
  journal = {Journal of Non-Crystalline Solids},
  number = 184,
  pages = {44-50}
}
@ARTICLE{shtutina,
  author = {Shtutina, S. and Klebanov, M. and Lyubin, V. and Rosenwaks, S. and
           Volterra, V.},
  year = 1995,
  title = {Photoinduced Phenomena in Spin-Coated Vitreous $\mathrm{As}_
          {2}\mathrm{S}_{3}$ and {AsSe} Films},
  journal = {Thin Solid Films},
  number = 261,
  pages = {263-265}
}
@ARTICLE{hisakuni94,
  author = {H. Hisakuni and K. Tanaka},
  year = 1994,
  title = {Giant Photoexpansion in $\mathrm{As}_ {2}\mathrm{S}_{3}$ Glass},
  journal = {Applied Physics Letters},
  volume = 65,
  number = 23,
  pages = {2925-2927},
  publisher = {AIP},
  keywords = {ARSENIC SULFIDES; CHALCOGENIDE GLASSES; EXPANSION; STRESS
             RELAXATION; PHYSICAL RADIATION EFFECTS; LASER RADIATION},
  collaboration = {},
}
%  url = {http://link.aip.org/link/?APL/65/2925/1}

@ARTICLE{ledoyen,
  author = {{Ledoyen}, F. and {Bouchard}, P. and {Hennequin}, D. and
           {Cormier}, M.},
  month = may,
  year = 1990,
  title = {Physical Model of a Liquid Thin Film: Application to Infrared
          Holographic Recording},
  journal = {Physical Review A},
  volume = 41,
  pages = {4895-4902},
  adsurl = {
           http://adsabs.harvard.edu/cgi-bin/nph-bib_query?bibcode=1990PhRvA..41.4895L&db_key=PHY},
  adsnote = {Provided by the Smithsonian/NASA Astrophysics Data System},
  doi = {10.1103/PhysRevA.41.4895}
}
@ARTICLE{lyubin89,
  author = {Lyubin, V. M. and Tikhomirov, V. K.},
  year = 1989,
  title = {Photodarkening and Photoinduced Anisotropy in Chalcogenide Vitreous
          Semiconductor Films},
  journal = {Journal of Non-Crystalline Solids},
  volume = 114,
  number = {Part 1},
  pages = 133
}
@ARTICLE{ashkin,
  author = {{Ashkin}, A. and {Dziedzic}, J.~M. and {Bjorkholm}, J.~E. and
           {Chu}, S.},
  month = {May},
  year = 1986,
  title = {Observation of a Single-Beam Gradient Force Optical Trap for
          Dielectric Particles},
  journal = {Optics Letters},
  volume = 11,
  pages = {288-290},
  adsurl = {
           http://adsabs.harvard.edu/cgi-bin/nph-bib_query?bibcode=1986OptL...11..288A&db_key=PHY},
  adsnote = {Provided by the Smithsonian/NASA Astrophysics Data System}
}
@ARTICLE{busse,
  author = {{Busse}, L.~E.},
  month = {March},
  year = 1984,
  title = {Temperature Dependence of the Structures of
          $\mathrm{As}_{2}\mathrm{Se}_{3}$ and
          $\mathrm{As}_{x}\mathrm{S}_{1-x}$ Glasses Near the Glass Transition},
  journal = {Physical Review B},
  volume = 29,
  pages = {3639-3651},
  adsurl = {
           http://adsabs.harvard.edu/cgi-bin/nph-bib_query?bibcode=1984PhRvB..29.3639B&db_key=PHY},
  adsnote = {Provided by the Smithsonian/NASA Astrophysics Data System},
  doi = {10.1103/PhysRevB.29.3639}
}
@ARTICLE{nikolova,
  author = {Nikolova, L. and Todorov, T.},
  month = {May},
  year = 1984,
  title = {Diffraction Efficiency and Selectivity of Polarization Holographic
          Recording},
  journal = {Journal Of Modern Optics},
  volume = 31,
  number = 5,
  pages = {579-588}
}
@ARTICLE{norian,
  author = {K. H. Norian and G. C. Chern and I. Lauks},
  year = 1984,
  title = {Morphology and Thermal Properties of Solvent-Cast Arsenic Sulfide
          Films},
  journal = {Journal of Applied Physics},
  volume = 55,
  number = 10,
  pages = {3795-3798},
  publisher = {AIP},
  keywords = {morphology; thermodynamic properties; arsenic sulfides;
             solvents; annealing; thin films; crystal structure; optical
             properties; transmission electron microscopy; electron
             diffraction; x&#150;ray diffraction; x&#150;ray diffraction;
             ultraviolet radiation; visible radiation; correlations},
  collaboration = {},
  url = {http://link.aip.org/link/?JAP/55/3795/1}
}
@ARTICLE{todorov,
  author = {{Todorov}, T. and {Nikolova}, L. and {Tomova}, N.},
  month = dec,
  year = 1984,
  title = {Polarized Holography. 2: Polarization Holographic Gratngs in
          Photoanisotropic Materials with and Without Intrinsic Birefringence},
  journal = {Applied Optics},
  volume = 23,
  pages = {4588-4591},
  adsurl = {
           http://adsabs.harvard.edu/cgi-bin/nph-bib_query?bibcode=1984ApOpt..23.4588T&db_key=PHY},
  adsnote = {Provided by the Smithsonian/NASA Astrophysics Data System}
}
@ARTICLE{chern83,
  author = {G. C. Chern and I. Lauks},
  year = 1983,
  title = {Spin Coated Amorphous Chalcogenide Films: Structural
          Characterization},
  journal = {Journal of Applied Physics},
  volume = 54,
  number = 5,
  pages = {2701-2705},
  publisher = {AIP},
  keywords = {arsenic sulfides; arsenic selenides; arsenic tellurides;
             germanium silicides; amorphous state; films; physical properties;
             experimental data; spin&#150;on coatings; thickness; organic
             compounds; amines; solutions; deposition; nuclear magnetic
             resonance; infrared radiation; absorption; chemical analysis;
             mathematical models},
  collaboration = {},
  url = {http://link.aip.org/link/?JAP/54/2701/1}
}
@ARTICLE{chern82,
  author = {{Chern}, G.~C. and {Lauks}, I.},
  month = oct,
  year = 1982,
  title = {Spin-Coated Amorphous Chalcogenide Films},
  journal = {Journal of Applied Physics},
  volume = 53,
  pages = {6979-6982},
  adsurl = {
           http://adsabs.harvard.edu/cgi-bin/nph-bib_query?bibcode=1982JAP....53.6979C&db_key=PHY},
  adsnote = {Provided by the Smithsonian/NASA Astrophysics Data System}
}
@ARTICLE{biegelsen,
  author = {{Biegelsen}, D.~K. and {Street}, R.~A.},
  month = mar,
  year = 1980,
  title = {Photoinduced Defects in Chalcogenide Glasses},
  journal = {Physical Review Letters},
  volume = 44,
  pages = {803-806},
  adsurl = {
           http://adsabs.harvard.edu/cgi-bin/nph-bib_query?bibcode=1980PhRvL..44..803B&db_key=PHY},
  adsnote = {Provided by the Smithsonian/NASA Astrophysics Data System},
  doi = {10.1103/PhysRevLett.44.803}
}
@ARTICLE{pimputkar,
  author = {Pimputkar, S.M. and Ostrach, S.},
  year = 1980,
  title = {Transient Thermocapillary Flow in Thin Liquid Layers},
  journal = {Physics of Fluids},
  volume = 23,
  number = 7,
  pages = {1281-1285},
  publisher = {AIP},
  keywords = {FLUID FLOW; LAMINAR FLOW; FILM FLOW; LIQUIDS; SURFACE TENSION;
             TEMPERATURE DEPENDENCE; CAPILLARY FLOW; TRANSIENTS; EQUATIONS OF
             MOTION; SCALING LAWS; BOUNDARY CONDITIONS},
  collaboration = {},
  url = {http://link.aip.org/link/?PFL/23/1281/1}
}
@ARTICLE{igo74,
  author = {Takeo Igo and Yoshio Noguchi and Haruo Nagai},
  year = 1974,
  title = {Photoexpansion and ``Thermal Contraction'' of Amorphous
          Chalcogenide Glasses},
  journal = {Applied Physics Letters},
  volume = 25,
  number = 4,
  pages = {193-194},
  publisher = {AIP},
  collaboration = {},
}
%   url = {http://link.aip.org/link/?APL/25/193/1}

@ARTICLE{igo72,
  author = {Igo, T. and Toyoshima, Y},
  year = 1972,
  title = {Optically Induced Reversible Change In Amorphous Semiconductors},
  journal = {Japanese Journal Of Applied Physics},
  volume = 11,
  number = 1,
  pages = {117-118}
}
@ARTICLE{berkes,
  author = {John S. Berkes and Samuel W. Ing, Jr. and William J. Hillegas},
  year = 1971,
  title = {Photodecomposition of Amorphous $\mathrm{As}_{2}\mathrm{Se}_{3}$
          and $\mathrm{As}_ {2}\mathrm{S}_{3}$},
  journal = {Journal of Applied Physics},
  volume = 42,
  number = 12,
  pages = {4908-4916},
  publisher = {AIP},
  collaboration = {},
  url = {http://link.aip.org/link/?JAP/42/4908/1}
}
@BOOK{levich,
  author = {Levich, V.G.},
  year = 1962,
  title = {Physiochemical Hydrodynamics},
  edition = {2nd},
  note = {Pp. 372-376 and 669-671},
  publisher = {Prentice-Hall},
  address = {Englewood Cliffs, NJ}
}
@ARTICLE{zimmerman,
  author = {Zimmerman, G and Chow, L and Paik, U},
  year = 1958,
  title = {The Photochemical Isomerization of Azobenzene},
  journal = {Journal of the American Chemical Society},
  volume = 80,
  pages = 3528
}
@ARTICLE{mullins,
  author = {W. W. Mullins},
  year = 1956,
  title = {Two-Dimensional Motion of Idealized Grain Boundaries},
  journal = {Journal of Applied Physics},
  volume = 27,
  number = 8,
  pages = {900-904},
  publisher = {AIP},
  collaboration = {},
  url = {http://link.aip.org/link/?JAP/27/900/1}
}
@ARTICLE{ito,
  author = {Ito, T. and Morimoto, N. and Sadanaga, R.},
  month = {},
  year = 1952,
  title = {The Crystal Structure of Realgar},
  journal = {Acta Crystallographica},
  volume = 5,
  number = 6,
  pages = {775--782}
}
